<record><leader>00000cas a2200000 a 4500</leader><controlfield tag="001">21245416</controlfield><controlfield tag="008">900320d1uuu1939iludn ne      0   a0eng c</controlfield><datafield ind1=" " ind2=" " tag="010"><subfield code="a">sn 90054897 </subfield></datafield><datafield ind1=" " ind2=" " tag="040"><subfield code="a">NVF</subfield><subfield code="b">eng</subfield><subfield code="c">NVF</subfield><subfield code="d">OCLCQ</subfield><subfield code="d">NVF</subfield><subfield code="d">OCLCF</subfield><subfield code="d">OCLCO</subfield></datafield><datafield ind1=" " ind2=" " tag="042"><subfield code="a">pcc</subfield></datafield><datafield ind1=" " ind2=" " tag="043"><subfield code="a">n-us-il</subfield></datafield><datafield ind1="0" ind2=" " tag="130"><subfield code="a">Charleston daily news (Charleston, Ill.)</subfield></datafield><datafield ind1="1" ind2="4" tag="245"><subfield code="a">The Charleston daily news.</subfield></datafield><datafield ind1=" " ind2=" " tag="260"><subfield code="a">Charleston, Ill. :</subfield><subfield code="b">J.K. Rardin</subfield></datafield><datafield ind1=" " ind2=" " tag="300"><subfield code="a">v.</subfield></datafield><datafield ind1=" " ind2=" " tag="310"><subfield code="a">Daily (except Sunday)</subfield></datafield><datafield ind1="0" ind2=" " tag="362"><subfield code="a">-Aug. 7, 1939.</subfield></datafield><datafield ind1=" " ind2=" " tag="515"><subfield code="a">Suspended Feb. 5-Mar. 29, 1923 due to fire; "fire edition" issued irregularly during that time.</subfield></datafield><datafield ind1=" " ind2=" " tag="588"><subfield code="a">Description based on: Vol. 12, no. 115 (Apr. 25, 1903).</subfield></datafield><datafield ind1=" " ind2="0" tag="651"><subfield code="a">Charleston (Ill.)</subfield><subfield code="v">Newspapers.</subfield></datafield><datafield ind1=" " ind2="7" tag="655"><subfield code="a">Newspapers.</subfield><subfield code="2">fast</subfield><subfield code="0">(OCoLC)fst01423814</subfield></datafield><datafield ind1=" " ind2="7" tag="651"><subfield code="a">Illinois</subfield><subfield code="z">Charleston.</subfield><subfield code="2">fast</subfield><subfield code="0">(OCoLC)fst01205861</subfield></datafield><datafield ind1=" " ind2=" " tag="752"><subfield code="a">United States</subfield><subfield code="b">Illinois</subfield><subfield code="c">Coles</subfield><subfield code="d">Charleston.</subfield></datafield><datafield ind1="0" ind2=" " tag="775"><subfield code="t">Charleston weekly news (Charleston, Ill.)</subfield><subfield code="w">(DLC)sn 90054885</subfield><subfield code="w">(OCoLC)21245294</subfield></datafield><datafield ind1="0" ind2="0" tag="785"><subfield code="t">Charleston daily news and plaindealer-herald</subfield><subfield code="w">(DLC)sn 90054898</subfield><subfield code="w">(OCoLC)21245553</subfield></datafield></record>